@book { DATASTRUCTURESJAVA,
	        title  = {Data Structures and Algorithms in Java.},
	        author = {Michael T. Goodrich, Roberto Tamassia},
	        year   = {2005},
	        isbn   = {0-471-73884-0},
	}